<?xml version="1.0" encoding="UTF-8"?><collection xmlns="http://www.loc.gov/MARC21/slim"><record><leader>00441nam--2200145-i-4500</leader><controlfield tag="001">000011205</controlfield><controlfield tag="002">20161230</controlfield><controlfield tag="005">20161230201029</controlfield><controlfield tag="008">060222s1000------------r-----000-0-eng-d</controlfield><datafield ind1=" " ind2=" " tag="020"><subfield code="a">194</subfield></datafield><datafield ind1=" " ind2=" " tag="100"><subfield code="a">Souka, N</subfield></datafield><datafield ind1=" " ind2=" " tag="245"><subfield code="a">Abdel-rehim, k</subfield></datafield><datafield ind1=" " ind2=" " tag="260"><subfield code="a">Studies On The Radiolysis Of The Binary Sys- Tems (Sb Iii-t1 I) And (Sb Iii-cu Ii) In Ae- Rated Sulfuric Acid Solutions</subfield></datafield><datafield ind1=" " ind2=" " tag="490"><subfield code="a">A.R.E.A.E.E./Rep</subfield></datafield><datafield ind1=" " ind2=" " tag="852"><subfield code="a">541.28(047.1):541.123.2(047.1)</subfield></datafield></record></collection>